<record><leader>00000cas a22000007a 4500</leader><controlfield tag="001">20776976</controlfield><controlfield tag="008">891213d19661979mduwr ne      0    0eng d</controlfield><datafield ind1=" " ind2=" " tag="010"><subfield code="a">sn 89060416 </subfield></datafield><datafield ind1=" " ind2=" " tag="040"><subfield code="a">MFN</subfield><subfield code="b">eng</subfield><subfield code="c">MFN</subfield><subfield code="d">OCLCQ</subfield></datafield><datafield ind1=" " ind2=" " tag="042"><subfield code="a">msc</subfield></datafield><datafield ind1="0" ind2="4" tag="245"><subfield code="a">The star, valley voice.</subfield></datafield><datafield ind1=" " ind2=" " tag="260"><subfield code="a">Timonium, Md. :</subfield><subfield code="b">Star Publications</subfield></datafield><datafield ind1=" " ind2=" " tag="300"><subfield code="a">v.</subfield></datafield><datafield ind1=" " ind2=" " tag="310"><subfield code="a">Weekly</subfield></datafield><datafield ind1="1" ind2=" " tag="362"><subfield code="a">Began in 1966?</subfield></datafield><datafield ind1="0" ind2=" " tag="362"><subfield code="a">-v. 13, no. 19 (Feb. 22, 1979).</subfield></datafield><datafield ind1=" " ind2=" " tag="580"><subfield code="a">Weekly eds.: Star (Towson, Md.); Star (Baltimore, Md. : 1976).</subfield></datafield><datafield ind1=" " ind2=" " tag="588"><subfield code="a">Description based on: Vol. 13, no. 16 (Feb. 1, 1979).</subfield></datafield><datafield ind1=" " ind2=" " tag="752"><subfield code="a">United States</subfield><subfield code="b">Maryland</subfield><subfield code="c">Baltimore</subfield><subfield code="d">Timonium.</subfield></datafield><datafield ind1="1" ind2=" " tag="775"><subfield code="t">Star (Towson, Md.)</subfield><subfield code="w">(DLC)sn 89060354</subfield></datafield><datafield ind1="1" ind2=" " tag="775"><subfield code="t">Star (Baltimore, Md. : 1976)</subfield><subfield code="w">(DLC)sn 89060353</subfield></datafield><datafield ind1="0" ind2="4" tag="785"><subfield code="t">Star (Towson, Md.)</subfield><subfield code="w">(DLC)sn 89060354</subfield></datafield><datafield ind1="1" ind2=" " tag="029"><subfield code="a">AU@</subfield><subfield code="b">000025848874</subfield></datafield></record>